% Encoding: UTF-8

@Online{grundlagen_oszi,
  author  = {A. Hoppe and P. Stuwe and T. Harriehausen},
  title   = {Grundlagen zu analogen und digitalen Oszilloskopen},
  date    = {2011-09-01},
  url     = {https://studip.ostfalia.de/dispatch.php/file/details/30dd93b31560465f725c9fd747ead22f},
  note    = {(Im Stud.IP bereitgestellt)},
  urldate = {2018-09-29},
}

@book{moeller,
 AUTHOR = {Harriehausen, Thomas AND Schwarzenau, Dieter},
 YEAR = {2013},
 TITLE = {Moeller Grundlagen der Elektrotechnik},
 EDITION = {23. Aufl.},
 ISBN = {978-3-834-81785-3},
 PUBLISHER = {Springer Fachmedien Wiesbaden},
 ADDRESS = {Wiesbaden},
 KEY = {11}
}

@Online{hameg,
  author       = {N.N.},
  title        = {Gerätekurzbeschreibung Analog-Oszilloskop 35-XX},
  year         = {2010},
  url          = {https://www.ostfalia.de/export/sites/default/de/pws/meierph/Lehre/Labore/Labor_MET/GeraetebeschreibungenPDF/35_AOszi_v2.pdf},
  organization = {Ostfalia Hochschule für angewandte Wissenschaften, Fakultät Elektrotechnik, Wolfenbüttel},
  urldate      = {2018-09-29},
  owner        = {Ostfalia Hochschule für angewandte Wissenschaften, Fakultät Elektrotechnik},
}

@manual{keysight_34450a,
	title = {User’s Guide Keysight 34450A Multimeter},
	url = {http://literature.cdn.keysight.com/litweb/pdf/34450-90000.pdf},
	urldate = {2018-11-04},
}

@manual{keysight_toll,
	title = {Keysight InfiniiVision 2000 X-Series Oszilloskope Benutzerhandbuch},
	urldate = {2018-05-05},
}


@Comment{jabref-meta: databaseType:biblatex;}

@incollection{test,
	author = {test},
	editor = {editor},
	title = {title},
	booktitle = {booktitle},
	date = {date},
}
