@book{Moeller,
	author = {Thomas Harriehausen, Dieter Schwarzenau},
	title = {Moeller Grundlagen
	der Elektrotechnik},
	date = {Juni 2019},
	edition = {24. Auflage},
	isbn = {978-3-658-27840-3},
}


@book{Ose_Grundlagen,
	author = {Rainer Ose},
	title = {Elektrotechnik
	f√ºr Ingenieure
	Grundlagen},
	date = {30.10.2014},
	edition = {5., aktualisierte Auflage},
	isbn = {978-3-446-43955-9},
}


@book{Paul_Grundlagen,
	AUTHOR = {Paul Steffen AND Paul, Reinhold},
	YEAR = {2011},
	TITLE = {Grundlagen der Elektrotechnik und Elektronik 2},
	EDITION = {1. Aufl.},
	ISBN = {978-3-642-24157-4},
	PUBLISHER = {Springer Vieweg},
	ADDRESS = {Bremen},
}
